@inproceedings{Dwyer2007,
author = {Dwyer, Catherine and Hiltz, Starr Roxanne},
booktitle = {Preceedings of the Thirteenth Americas Conference on Information Systems (AMCIS)},
file = {:Users/ingo/Documents/papers/DwyerAMCIS2007.pdf:pdf},
keywords = {hedonic information systems,privacy,social networking sites,social networks,trust},
mendeley-tags = {privacy,social networks},
title = {{Trust and privacy concern within social networking sites : A comparison of Facebook and MySpace}},
year = {2007}
}
@article{Nikiforakis,
author = {Nikiforakis, Nick and Balduzzi, Marco and Acker, Steven Van and Joosen, Wouter and Balzarotti, Davide and Antipolis, Sophia},
file = {:Users/ingo/Documents/papers/fss.pdf:pdf},
journal = {Sophia},
keywords = {privacy,social networks},
mendeley-tags = {privacy,social networks},
title = {{Exposing the Lack of Privacy in File Hosting Services}},
year = {2010}
}
@article{Korolova2010,
author = {Korolova, Aleksandra},
file = {:Users/ingo/Documents/papers/Privacy\_violations\_using\_microtargeted\_ads.pdf:pdf},
keywords = {privacy,social networks},
mendeley-tags = {privacy,social networks},
title = {{Privacy Violations Using Microtargeted Ads : A Case Study}},
year = {2010}
}
@article{Gross2005,
author = {Gross, Ralph and Acquisti, Alessandro and Iii, H John Heinz},
file = {:Users/ingo/Documents/papers/privacy-facebook-gross-acquisti.pdf:pdf},
journal = {ACM Workshop on Privacy in the Electronic Society (WPES)},
keywords = {facebok,information revelation,online privacy,privacy,social net-,social networks},
mendeley-tags = {privacy,social networks},
title = {{Information Revelation and Privacy in Online Social Networks ( The Facebook case )}},
year = {2005}
}
@inproceedings{Chew,
author = {Chew, Monica and Laurie, Ben},
booktitle = {Preecedings of Web 2.0 Security and Privacy Workshop (W2SP)},
file = {:Users/ingo/Documents/papers/s3p2.pdf:pdf},
keywords = {privacy,social networks},
mendeley-tags = {privacy,social networks},
title = {{( Under ) mining Privacy in Social Networks}},
year = {2008}
}
@inproceedings{Balduzzi,
address = {Berlin, Heidelberg},
author = {Balduzzi, Marco and Platzer, Christian and Holz, Thorsten and Kirda, Engin and Balzarotti, Davide and Kruegel, Christopher},
booktitle = {Preceeding of the 13th international conference on Recent advances in intrusion detection},
file = {:Users/ingo/Downloads/10.1.1.167.9258.pdf:pdf},
keywords = {privacy,social networks},
mendeley-tags = {privacy,social networks},
pages = {422--441},
publisher = {Springer-Verlag},
title = {{Abusing Social Networks for Automated User Profiling}},
year = {2010}
}
@inproceedings{Bilge2009,
author = {Bilge, Leyla and Strufe, Thorsten and Balzarotti, Davide and Kirda, Engin},
booktitle = {Preceedings of the 19th international conference on World Wide Web (WWW)},
file = {:Users/ingo/Downloads/10.1.1.149.1929.pdf:pdf},
keywords = {privacy,social networks},
mendeley-tags = {privacy,social networks},
title = {{All Your Contacts Are Belong to Us : Automated Identity Theft Attacks on Social Networks}},
year = {2009}
}
@inproceedings{Mackay,
author = {W. Mackay},
booktitle = {Preceedings of CHI'91},
title = {{Triggers and barriers to customizing software}},
pages = {153--160},
publisher = {ACM Press},
year = {1991}
}
@article{Bowen,
author = {Bowen, B. and Hershkop, S. and Keromytis, A. and Stolfo, S.},
journal = {Security and Privacy in Communication Networks},
title = {{Baiting inside attackers using decoy documents}},
year = {2009},
pages = {51-70}
}
@inproceedings{Yuill,
author = {Yuill, J. and Zappe, M. and Denning, D. and Feer, F.},
booktitle = {Proceedings from the Fifth Annual IEEE SMC Information Assurance Workshop},
title = {{Honey- files: deceptive files for intrusion detection}},
year = {2004},
pages = {116-122}
}
@misc{fitzpatrick,
author = {Fitzpatrick, Brad and Recordon, David},
title = {{Thoughts on the Social Graph}},
howpublished = {\url{http://bradfitz.com/social-graph-problem}},
year = {2007}
}
@misc{sto,
Author = {Jesper M. Johansson and Roger Grimes},
Title = {Security-Through-Obscurity},
howpublished = {\url{http://technet.microsoft.com/en-us/magazine/2008.06.obscurity.aspx}}
}
@misc{makingcontrol,
Author = {Mark Zuckerberg},
Title = {Making control simple},
howpublished = {\url{http://blog.facebook.com/blog.php?post=391922327130}}
}
@misc{nytimesgoogle,
Author = {Miguel Helft},
Title = {Google Thinks It Knows Your Friends},
howpublished = {\url{http://bits.blogs.nytimes.com/2007/12/26/google-thinks-it-knows-your-friends/}}
}
@misc{fbprivacy,
Author = {Facebook Inc.},
Title = {Facebook Privacy Guidelines},
howpublished = {\url{http://www.facebook.com/policy.php}}
}
@Book{mitnick,
author = {Kevin D. Mitnick},
title = {The art of deception},
publisher = {John Wiley \& Sons, Inc.},
year = {2002},
}